
    <marc:record>
        <marc:leader>00618nam a2200181Mi 4500</marc:leader>
        <marc:controlfield tag="001">1289033510</marc:controlfield>
        <marc:controlfield tag="008">950313s1931    xx            000 0 ger d</marc:controlfield>
        <marc:controlfield tag="005">20211217002857.8</marc:controlfield>
        <marc:datafield tag="040" ind1=" " ind2=" ">
            <marc:subfield code="a">AGL</marc:subfield>
            <marc:subfield code="b">eng</marc:subfield>
            <marc:subfield code="c">AGL</marc:subfield>
        </marc:datafield>
        <marc:datafield tag="016" ind1="7" ind2=" ">
            <marc:subfield code="a">CAT10972246</marc:subfield>
            <marc:subfield code="2">DNAL</marc:subfield>
        </marc:datafield>
        <marc:datafield tag="070" ind1="0" ind2=" ">
            <marc:subfield code="a">284.2</marc:subfield>
            <marc:subfield code="b">G33</marc:subfield>
        </marc:datafield>
        <marc:datafield tag="072" ind1=" " ind2="0">
            <marc:subfield code="a">E100</marc:subfield>
        </marc:datafield>
        <marc:datafield tag="100" ind1="1" ind2=" ">
            <marc:subfield code="a">Gesellius, Wilhelm,</marc:subfield>
            <marc:subfield code="d">1904-</marc:subfield>
        </marc:datafield>
        <marc:datafield tag="245" ind1="1" ind2="4">
            <marc:subfield code="a">Die entwicklung der landwirtschaftlichen verhältnisse in Mecklenburg-Schwerin unter besonderer berücksichtigung der kredit-und verschuldungslage :</marc:subfield>
            <marc:subfield code="b">(ein beitrag zur wirtschaftsgeschichte Mecklenburgs) ...</marc:subfield>
        </marc:datafield>
        <marc:datafield tag="260" ind1=" " ind2=" ">
            <marc:subfield code="c">[1931]</marc:subfield>
        </marc:datafield>
        <marc:datafield tag="300" ind1=" " ind2=" ">
            <marc:subfield code="a">208 p.</marc:subfield>
        </marc:datafield>
        <marc:datafield tag="650" ind1=" " ind2="3">
            <marc:subfield code="a">agricultural economics.</marc:subfield>
        </marc:datafield>
        <marc:datafield tag="049" ind1=" " ind2=" ">
            <marc:subfield code="a">AGLL</marc:subfield>
        </marc:datafield>
    </marc:record>