
    <marc:record>
        <marc:leader>00669nam a2200205Mi 4500</marc:leader>
        <marc:controlfield tag="001">1289109094</marc:controlfield>
        <marc:controlfield tag="008">950310s1932    xx           l000 0 eng d</marc:controlfield>
        <marc:controlfield tag="005">20211217002857.1</marc:controlfield>
        <marc:datafield tag="040" ind1=" " ind2=" ">
            <marc:subfield code="a">AGL</marc:subfield>
            <marc:subfield code="b">eng</marc:subfield>
            <marc:subfield code="c">AGL</marc:subfield>
        </marc:datafield>
        <marc:datafield tag="016" ind1="7" ind2=" ">
            <marc:subfield code="a">CAT10906029</marc:subfield>
            <marc:subfield code="2">DNAL</marc:subfield>
        </marc:datafield>
        <marc:datafield tag="070" ind1="0" ind2=" ">
            <marc:subfield code="a">281.183</marc:subfield>
            <marc:subfield code="b">K99</marc:subfield>
        </marc:datafield>
        <marc:datafield tag="072" ind1=" " ind2="0">
            <marc:subfield code="a">E200</marc:subfield>
        </marc:datafield>
        <marc:datafield tag="110" ind1="1" ind2=" ">
            <marc:subfield code="a">Kyoto.</marc:subfield>
            <marc:subfield code="b">University.</marc:subfield>
            <marc:subfield code="b">Dept. of Agriculture.</marc:subfield>
            <marc:subfield code="b">Institute of Agricultural Economies.</marc:subfield>
        </marc:datafield>
        <marc:datafield tag="245" ind1="1" ind2="0">
            <marc:subfield code="a">Research on the sixteen representative family-farms by the accounting method in the neighboring prefectures near Kyoto, in the year 1927.</marc:subfield>
        </marc:datafield>
        <marc:datafield tag="260" ind1=" " ind2=" ">
            <marc:subfield code="c">1932.</marc:subfield>
        </marc:datafield>
        <marc:datafield tag="300" ind1=" " ind2=" ">
            <marc:subfield code="a">8, 66 p.</marc:subfield>
        </marc:datafield>
        <marc:datafield tag="650" ind1=" " ind2="3">
            <marc:subfield code="a">microeconomics.</marc:subfield>
        </marc:datafield>
        <marc:datafield tag="650" ind1=" " ind2="3">
            <marc:subfield code="a">farm management.</marc:subfield>
        </marc:datafield>
        <marc:datafield tag="650" ind1=" " ind2="3">
            <marc:subfield code="a">agricultural economics.</marc:subfield>
        </marc:datafield>
        <marc:datafield tag="049" ind1=" " ind2=" ">
            <marc:subfield code="a">AGLL</marc:subfield>
        </marc:datafield>
    </marc:record>