
    <marc:record>
        <marc:leader>01088nam a2200253Mi 4500</marc:leader>
        <marc:controlfield tag="001">1289013237</marc:controlfield>
        <marc:controlfield tag="005">20211217002857.2</marc:controlfield>
        <marc:controlfield tag="008">950222s1932    ru           l000 0 rus d</marc:controlfield>
        <marc:datafield tag="040" ind1=" " ind2=" ">
            <marc:subfield code="a">AGL</marc:subfield>
            <marc:subfield code="b">eng</marc:subfield>
            <marc:subfield code="c">AGL</marc:subfield>
        </marc:datafield>
        <marc:datafield tag="016" ind1="7" ind2=" ">
            <marc:subfield code="a">CAT10926644</marc:subfield>
            <marc:subfield code="2">DNAL</marc:subfield>
        </marc:datafield>
        <marc:datafield tag="070" ind1="0" ind2=" ">
            <marc:subfield code="a">94</marc:subfield>
            <marc:subfield code="b">M85</marc:subfield>
        </marc:datafield>
        <marc:datafield tag="072" ind1=" " ind2="0">
            <marc:subfield code="a">F110</marc:subfield>
        </marc:datafield>
        <marc:datafield tag="049" ind1=" " ind2=" ">
            <marc:subfield code="a">AGLL</marc:subfield>
        </marc:datafield>
        <marc:datafield tag="110" ind1="1" ind2=" ">
            <marc:subfield code="a">Moscow.</marc:subfield>
            <marc:subfield code="b">Zonalʹnai︠a︡ plodo-i︠a︡godnai︠a︡ opytnai︠a︡ stantsii︠a︡.</marc:subfield>
        </marc:datafield>
        <marc:datafield tag="242" ind1="1" ind2="0">
            <marc:subfield code="a">And annual management:</marc:subfield>
            <marc:subfield code="b">(length︠a︡ regions of the middle belt of the USSR): (textbook length︠a︡ state farm schools): Compiled by a team of employees of the Moscow Zonal Fruit-and-Food Experimental Station.</marc:subfield>
            <marc:subfield code="y">eng</marc:subfield>
        </marc:datafield>
        <marc:datafield tag="245" ind1="1" ind2="0">
            <marc:subfield code="a">IAgodovodstvo :</marc:subfield>
            <marc:subfield code="b">(dli︠a︡ raĭonov sredneĭ polosy SSSR) : (uchebnoe posobie dli︠a︡ shkol sovkhozucheĭ) : Sostavleno bridagoĭ sotrudnikov Moskovskoĭ zonalʹnoĭ plodo- plodo-i︠a︡godnoĭ opytnoĭ stantsii.</marc:subfield>
        </marc:datafield>
        <marc:datafield tag="260" ind1=" " ind2=" ">
            <marc:subfield code="c">1932.</marc:subfield>
        </marc:datafield>
        <marc:datafield tag="300" ind1=" " ind2=" ">
            <marc:subfield code="a">231 p.</marc:subfield>
        </marc:datafield>
        <marc:datafield tag="650" ind1=" " ind2="3">
            <marc:subfield code="a">plant cultural practices.</marc:subfield>
        </marc:datafield>
        <marc:datafield tag="650" ind1=" " ind2="3">
            <marc:subfield code="a">horticulture.</marc:subfield>
        </marc:datafield>
        <marc:datafield tag="650" ind1=" " ind2="3">
            <marc:subfield code="a">horticultural crops.</marc:subfield>
        </marc:datafield>
        <marc:datafield tag="650" ind1=" " ind2="3">
            <marc:subfield code="a">crop production.</marc:subfield>
        </marc:datafield>
        <marc:datafield tag="500" ind1=" " ind2=" ">
            <marc:subfield code="a">Non-Latin script record</marc:subfield>
        </marc:datafield>
        <marc:datafield tag="066" ind1=" " ind2=" ">
            <marc:subfield code="c">(N</marc:subfield>
        </marc:datafield>
    </marc:record>