
    <marc:record>
        <marc:leader>01727cam a2200337Mi 4500</marc:leader>
        <marc:controlfield tag="001">71080388</marc:controlfield>
        <marc:controlfield tag="005">20221019165252.7</marc:controlfield>
        <marc:controlfield tag="008">950310s1932    xx abd       l000 0 eng d</marc:controlfield>
        <marc:datafield tag="040" ind1=" " ind2=" ">
            <marc:subfield code="a">AGL</marc:subfield>
            <marc:subfield code="b">eng</marc:subfield>
            <marc:subfield code="c">AGL</marc:subfield>
            <marc:subfield code="d">OCLCQ</marc:subfield>
            <marc:subfield code="d">OCLCO</marc:subfield>
            <marc:subfield code="d">AGL</marc:subfield>
        </marc:datafield>
        <marc:datafield tag="016" ind1="7" ind2=" ">
            <marc:subfield code="a">CAT10906029</marc:subfield>
            <marc:subfield code="2">DNAL</marc:subfield>
        </marc:datafield>
        <marc:datafield tag="043" ind1=" " ind2=" ">
            <marc:subfield code="a">a-ja---</marc:subfield>
        </marc:datafield>
        <marc:datafield tag="070" ind1="0" ind2=" ">
            <marc:subfield code="a">281.183</marc:subfield>
            <marc:subfield code="b">K99</marc:subfield>
        </marc:datafield>
        <marc:datafield tag="072" ind1=" " ind2="0">
            <marc:subfield code="a">E200</marc:subfield>
        </marc:datafield>
        <marc:datafield tag="049" ind1=" " ind2=" ">
            <marc:subfield code="a">AGLL</marc:subfield>
        </marc:datafield>
        <marc:datafield tag="110" ind1="2" ind2=" ">
            <marc:subfield code="a">Kyōto Daigaku.</marc:subfield>
            <marc:subfield code="b">Department of Agriculture.</marc:subfield>
            <marc:subfield code="b">Institute of Agricultural Economies.</marc:subfield>
        </marc:datafield>
        <marc:datafield tag="245" ind1="1" ind2="0">
            <marc:subfield code="a">Research on the sixteen representative family-farms by the accounting method in the neighboring prefectures near Kyoto, in the year 1927 /</marc:subfield>
            <marc:subfield code="c">Kyōto Daigaku.</marc:subfield>
        </marc:datafield>
        <marc:datafield tag="260" ind1=" " ind2=" ">
            <marc:subfield code="a">Kyoto,</marc:subfield>
            <marc:subfield code="c">1932.</marc:subfield>
        </marc:datafield>
        <marc:datafield tag="300" ind1=" " ind2=" ">
            <marc:subfield code="a">1 volume(8, 66 pages) :</marc:subfield>
            <marc:subfield code="b">maps, tables (some folded) diagrams ;</marc:subfield>
            <marc:subfield code="c">24 cm</marc:subfield>
        </marc:datafield>
        <marc:datafield tag="336" ind1=" " ind2=" ">
            <marc:subfield code="a">text</marc:subfield>
            <marc:subfield code="b">txt</marc:subfield>
            <marc:subfield code="2">rdacontent</marc:subfield>
        </marc:datafield>
        <marc:datafield tag="337" ind1=" " ind2=" ">
            <marc:subfield code="a">unmediated</marc:subfield>
            <marc:subfield code="b">n</marc:subfield>
            <marc:subfield code="2">rdamedia</marc:subfield>
        </marc:datafield>
        <marc:datafield tag="338" ind1=" " ind2=" ">
            <marc:subfield code="a">volume</marc:subfield>
            <marc:subfield code="b">nc</marc:subfield>
            <marc:subfield code="2">rdacarrier</marc:subfield>
        </marc:datafield>
        <marc:datafield tag="500" ind1=" " ind2=" ">
            <marc:subfield code="a">In Japanese.</marc:subfield>
        </marc:datafield>
        <marc:datafield tag="650" ind1=" " ind2="0">
            <marc:subfield code="a">Agriculture</marc:subfield>
            <marc:subfield code="z">Japan</marc:subfield>
            <marc:subfield code="z">Kyoto.</marc:subfield>
        </marc:datafield>
        <marc:datafield tag="650" ind1=" " ind2="0">
            <marc:subfield code="a">Agriculture</marc:subfield>
            <marc:subfield code="z">Japan</marc:subfield>
            <marc:subfield code="z">Kyoto</marc:subfield>
            <marc:subfield code="x">Accounting.</marc:subfield>
        </marc:datafield>
        <marc:datafield tag="650" ind1=" " ind2="6">
            <marc:subfield code="a">Agriculture.</marc:subfield>
            <marc:subfield code="0">(CaQQLa)201-0062624</marc:subfield>
            <marc:subfield code="z">Japon</marc:subfield>
            <marc:subfield code="0">(CaQQLa)201-0487650</marc:subfield>
            <marc:subfield code="z">Kyōto.</marc:subfield>
            <marc:subfield code="0">(CaQQLa)201-0487650</marc:subfield>
        </marc:datafield>
        <marc:datafield tag="650" ind1=" " ind2="6">
            <marc:subfield code="a">Agriculture.</marc:subfield>
            <marc:subfield code="0">(CaQQLa)201-0000537</marc:subfield>
            <marc:subfield code="z">Japon</marc:subfield>
            <marc:subfield code="0">(CaQQLa)201-0487650</marc:subfield>
            <marc:subfield code="z">Kyōto</marc:subfield>
            <marc:subfield code="0">(CaQQLa)201-0487650</marc:subfield>
            <marc:subfield code="x">Comptabilité.</marc:subfield>
            <marc:subfield code="0">(CaQQLa)201-0000537</marc:subfield>
        </marc:datafield>
        <marc:datafield tag="650" ind1=" " ind2="7">
            <marc:subfield code="a">Agriculture.</marc:subfield>
            <marc:subfield code="2">fast</marc:subfield>
            <marc:subfield code="0">(OCoLC)fst00801355</marc:subfield>
        </marc:datafield>
        <marc:datafield tag="650" ind1=" " ind2="7">
            <marc:subfield code="a">Agriculture</marc:subfield>
            <marc:subfield code="x">Accounting.</marc:subfield>
            <marc:subfield code="2">fast</marc:subfield>
            <marc:subfield code="0">(OCoLC)fst00801363</marc:subfield>
        </marc:datafield>
        <marc:datafield tag="651" ind1=" " ind2="7">
            <marc:subfield code="a">Japan</marc:subfield>
            <marc:subfield code="z">Kyoto.</marc:subfield>
            <marc:subfield code="2">fast</marc:subfield>
            <marc:subfield code="0">(OCoLC)fst01207923</marc:subfield>
        </marc:datafield>
        <marc:datafield tag="776" ind1="0" ind2="8">
            <marc:subfield code="i">Online version:</marc:subfield>
            <marc:subfield code="a">Kyōto Daigaku.</marc:subfield>
            <marc:subfield code="t">Research on the sixteen representative family-farms by the accounting method in the neighboring prefectures near Kyoto, in the year 1927.</marc:subfield>
            <marc:subfield code="d">Kyoto [1928?]</marc:subfield>
            <marc:subfield code="w">(OCoLC)690993627</marc:subfield>
        </marc:datafield>
        <marc:datafield tag="856" ind1="4" ind2="1">
            <marc:subfield code="3">HathiTrust Digital Library, Limited view (search only)</marc:subfield>
            <marc:subfield code="u">http://catalog.hathitrust.org/api/volumes/oclc/63976111.html</marc:subfield>
        </marc:datafield>
    </marc:record>