
    <marc:record>
        <marc:leader>01059cam a22002777  4500</marc:leader>
        <marc:controlfield tag="001">34060236</marc:controlfield>
        <marc:controlfield tag="005">20220607120233.0</marc:controlfield>
        <marc:controlfield tag="008">960122s1932    gw       m    000 0 ger d</marc:controlfield>
        <marc:datafield tag="040" ind1=" " ind2=" ">
            <marc:subfield code="a">ZT9</marc:subfield>
            <marc:subfield code="b">fre</marc:subfield>
            <marc:subfield code="c">ZT9</marc:subfield>
            <marc:subfield code="d">AGL</marc:subfield>
            <marc:subfield code="d">BDF</marc:subfield>
            <marc:subfield code="d">OCLCQ</marc:subfield>
            <marc:subfield code="d">LUU</marc:subfield>
        </marc:datafield>
        <marc:datafield tag="016" ind1="7" ind2=" ">
            <marc:subfield code="a">CAT10972151</marc:subfield>
            <marc:subfield code="2">DNAL</marc:subfield>
        </marc:datafield>
        <marc:datafield tag="016" ind1="7" ind2=" ">
            <marc:subfield code="a">FRBNF319957280000004</marc:subfield>
            <marc:subfield code="2">FrPBN</marc:subfield>
        </marc:datafield>
        <marc:datafield tag="050" ind1=" " ind2="4">
            <marc:subfield code="a">S465</marc:subfield>
            <marc:subfield code="b">.D37</marc:subfield>
        </marc:datafield>
        <marc:datafield tag="070" ind1="0" ind2=" ">
            <marc:subfield code="a">283</marc:subfield>
            <marc:subfield code="b">D25</marc:subfield>
        </marc:datafield>
        <marc:datafield tag="072" ind1=" " ind2="0">
            <marc:subfield code="a">E100</marc:subfield>
        </marc:datafield>
        <marc:datafield tag="049" ind1=" " ind2=" ">
            <marc:subfield code="a">AGLL</marc:subfield>
        </marc:datafield>
        <marc:datafield tag="100" ind1="1" ind2=" ">
            <marc:subfield code="a">Dartmann, Heinrich.</marc:subfield>
        </marc:datafield>
        <marc:datafield tag="242" ind1="1" ind2="4">
            <marc:subfield code="a">The farm worker conditions in Westphalia before and after the war in economic and social terms.</marc:subfield>
            <marc:subfield code="y">eng</marc:subfield>
        </marc:datafield>
        <marc:datafield tag="245" ind1="1" ind2="4">
            <marc:subfield code="a">Die Landarbeiterverhältnisse Westfalens vor und nach dem Kriege in betriebswirtschaftlicher und sozialer Hinsicht.</marc:subfield>
        </marc:datafield>
        <marc:datafield tag="260" ind1=" " ind2=" ">
            <marc:subfield code="a">Giessen:</marc:subfield>
            <marc:subfield code="b">Herr,</marc:subfield>
            <marc:subfield code="c">1932.</marc:subfield>
        </marc:datafield>
        <marc:datafield tag="300" ind1=" " ind2=" ">
            <marc:subfield code="a">83 S.</marc:subfield>
            <marc:subfield code="c">8vo</marc:subfield>
        </marc:datafield>
        <marc:datafield tag="336" ind1=" " ind2=" ">
            <marc:subfield code="a">texte</marc:subfield>
            <marc:subfield code="b">txt</marc:subfield>
            <marc:subfield code="2">rdacontent/fre</marc:subfield>
        </marc:datafield>
        <marc:datafield tag="337" ind1=" " ind2=" ">
            <marc:subfield code="a">sans médiation</marc:subfield>
            <marc:subfield code="b">n</marc:subfield>
            <marc:subfield code="2">rdamedia/fre</marc:subfield>
        </marc:datafield>
        <marc:datafield tag="502" ind1=" " ind2=" ">
            <marc:subfield code="a">Giessen, Phil. Diss. v. 7. April 1932.</marc:subfield>
        </marc:datafield>
        <marc:datafield tag="856" ind1="4" ind2="2">
            <marc:subfield code="3">Notice et cote du catalogue de la Bibliothèque nationale de France</marc:subfield>
            <marc:subfield code="u">http://catalogue.bnf.fr/ark:/12148/cb31995728f</marc:subfield>
        </marc:datafield>
        <marc:datafield tag="029" ind1="1" ind2=" ">
            <marc:subfield code="a">BDF</marc:subfield>
            <marc:subfield code="b">FRBNF319957280000004</marc:subfield>
        </marc:datafield>
        <marc:datafield tag="029" ind1="1" ind2=" ">
            <marc:subfield code="a">ZWZ</marc:subfield>
            <marc:subfield code="b">024835617</marc:subfield>
        </marc:datafield>
    </marc:record>