
    <marc:record>
        <marc:leader>02096cam a2200361Ma 4500</marc:leader>
        <marc:controlfield tag="001">853144205</marc:controlfield>
        <marc:controlfield tag="005">20200309181405.6</marc:controlfield>
        <marc:controlfield tag="008">090613s1922    dcu     o    f000 0 eng d</marc:controlfield>
        <marc:controlfield tag="006">m     o  d f      </marc:controlfield>
        <marc:controlfield tag="007">cr bn|mmmapmmp</marc:controlfield>
        <marc:datafield tag="040" ind1=" " ind2=" ">
            <marc:subfield code="a">UMI</marc:subfield>
            <marc:subfield code="b">eng</marc:subfield>
            <marc:subfield code="c">UBY</marc:subfield>
            <marc:subfield code="d">OCLCO</marc:subfield>
            <marc:subfield code="d">OCLCF</marc:subfield>
            <marc:subfield code="d">OCLCQ</marc:subfield>
            <marc:subfield code="d">NJR</marc:subfield>
            <marc:subfield code="d">OCLCA</marc:subfield>
            <marc:subfield code="d">BUF</marc:subfield>
            <marc:subfield code="d">OCLCQ</marc:subfield>
        </marc:datafield>
        <marc:datafield tag="043" ind1=" " ind2=" ">
            <marc:subfield code="a">n-us---</marc:subfield>
        </marc:datafield>
        <marc:datafield tag="086" ind1="0" ind2=" ">
            <marc:subfield code="a">Y 4.B 22/1:R 88/3</marc:subfield>
        </marc:datafield>
        <marc:datafield tag="049" ind1=" " ind2=" ">
            <marc:subfield code="a">AGLL</marc:subfield>
        </marc:datafield>
        <marc:datafield tag="110" ind1="1" ind2=" ">
            <marc:subfield code="a">United States.</marc:subfield>
            <marc:subfield code="b">Congress.</marc:subfield>
            <marc:subfield code="b">House.</marc:subfield>
            <marc:subfield code="b">Committee on Banking and Currency.</marc:subfield>
        </marc:datafield>
        <marc:datafield tag="245" ind1="1" ind2="0">
            <marc:subfield code="a">Rural Credits :</marc:subfield>
            <marc:subfield code="b">hearings before the United States House Committee on Banking and Currency, Sixty-Seventh Congress, third session, on Nov. 24, 1922.</marc:subfield>
        </marc:datafield>
        <marc:datafield tag="260" ind1=" " ind2=" ">
            <marc:subfield code="a">Washington :</marc:subfield>
            <marc:subfield code="b">U.S. G.P.O.,</marc:subfield>
            <marc:subfield code="c">1922.</marc:subfield>
        </marc:datafield>
        <marc:datafield tag="300" ind1=" " ind2=" ">
            <marc:subfield code="a">1 online resource (ii, 18 pages)</marc:subfield>
        </marc:datafield>
        <marc:datafield tag="336" ind1=" " ind2=" ">
            <marc:subfield code="a">text</marc:subfield>
            <marc:subfield code="b">txt</marc:subfield>
            <marc:subfield code="2">rdacontent</marc:subfield>
        </marc:datafield>
        <marc:datafield tag="337" ind1=" " ind2=" ">
            <marc:subfield code="a">computer</marc:subfield>
            <marc:subfield code="b">c</marc:subfield>
            <marc:subfield code="2">rdamedia</marc:subfield>
        </marc:datafield>
        <marc:datafield tag="338" ind1=" " ind2=" ">
            <marc:subfield code="a">online resource</marc:subfield>
            <marc:subfield code="b">cr</marc:subfield>
            <marc:subfield code="2">rdacarrier</marc:subfield>
        </marc:datafield>
        <marc:datafield tag="500" ind1=" " ind2=" ">
            <marc:subfield code="a">Record is based on bibliographic data in ProQuest Congressional Hearings Digital Collection. Reuse except for individual research requires license from ProQuest, LLC.</marc:subfield>
        </marc:datafield>
        <marc:datafield tag="520" ind1=" " ind2=" ">
            <marc:subfield code="a">Considers legislation to establish agricultural credit corporations and to revise Federal Reserve bank procedures for discounting notes, drafts, and bills of exchange for agricultural or livestock paper.</marc:subfield>
        </marc:datafield>
        <marc:datafield tag="520" ind1=" " ind2=" ">
            <marc:subfield code="a">Considers (67) S. 4063, (67) H.R. 13033.</marc:subfield>
        </marc:datafield>
        <marc:datafield tag="520" ind1=" " ind2=" ">
            <marc:subfield code="a">Considers (67) S. 4063, (67) H.R. 13033.</marc:subfield>
        </marc:datafield>
        <marc:datafield tag="650" ind1=" " ind2="0">
            <marc:subfield code="a">Agricultural credit corporations</marc:subfield>
            <marc:subfield code="x">Law and legislation</marc:subfield>
            <marc:subfield code="z">United States.</marc:subfield>
        </marc:datafield>
        <marc:datafield tag="650" ind1=" " ind2="7">
            <marc:subfield code="a">Agricultural credit corporations</marc:subfield>
            <marc:subfield code="x">Law and legislation.</marc:subfield>
            <marc:subfield code="2">fast</marc:subfield>
            <marc:subfield code="0">(OCoLC)fst00800656</marc:subfield>
        </marc:datafield>
        <marc:datafield tag="651" ind1=" " ind2="7">
            <marc:subfield code="a">United States.</marc:subfield>
            <marc:subfield code="2">fast</marc:subfield>
            <marc:subfield code="0">(OCoLC)fst01204155</marc:subfield>
        </marc:datafield>
        <marc:datafield tag="655" ind1=" " ind2="4">
            <marc:subfield code="a">Electronic books.</marc:subfield>
        </marc:datafield>
        <marc:datafield tag="730" ind1="0" ind2=" ">
            <marc:subfield code="a">LexisNexis U.S. Congressional Hearings Digital Collection.</marc:subfield>
        </marc:datafield>
        <marc:datafield tag="776" ind1="0" ind2="8">
            <marc:subfield code="i">Print version:</marc:subfield>
            <marc:subfield code="a">United States. Congress. House. Committee on Banking and Currency.</marc:subfield>
            <marc:subfield code="t">Rural Credits</marc:subfield>
        </marc:datafield>
        <marc:datafield tag="776" ind1="0" ind2="8">
            <marc:subfield code="i">Microfiche version:</marc:subfield>
            <marc:subfield code="a">United States. Congress. House. Committee on Banking and Currency.</marc:subfield>
            <marc:subfield code="t">Rural Credits.</marc:subfield>
            <marc:subfield code="d">[Bethesda, Md.] : ProQuest, [2004]</marc:subfield>
            <marc:subfield code="o">CIS Hrgs MF Gp 1--H316-7</marc:subfield>
            <marc:subfield code="w">(ProQuest)cis10201378</marc:subfield>
        </marc:datafield>
        <marc:datafield tag="856" ind1="4" ind2="0">
            <marc:subfield code="u">http://congressional.proquest.com/congcomp/getdoc?HEARING-ID=HRG-1922-BCU-0007</marc:subfield>
        </marc:datafield>
    </marc:record>