
    <marc:record>
        <marc:leader>00804nam a2200253Mi 4500</marc:leader>
        <marc:controlfield tag="001">1289005921</marc:controlfield>
        <marc:controlfield tag="005">20211217002856.8</marc:controlfield>
        <marc:controlfield tag="008">950314s1933    xx            000 0 ger d</marc:controlfield>
        <marc:datafield tag="040" ind1=" " ind2=" ">
            <marc:subfield code="a">AGL</marc:subfield>
            <marc:subfield code="b">eng</marc:subfield>
            <marc:subfield code="c">AGL</marc:subfield>
        </marc:datafield>
        <marc:datafield tag="016" ind1="7" ind2=" ">
            <marc:subfield code="a">CAT10972364</marc:subfield>
            <marc:subfield code="2">DNAL</marc:subfield>
        </marc:datafield>
        <marc:datafield tag="070" ind1="0" ind2=" ">
            <marc:subfield code="a">284.5</marc:subfield>
            <marc:subfield code="b">Au4</marc:subfield>
        </marc:datafield>
        <marc:datafield tag="072" ind1=" " ind2="0">
            <marc:subfield code="a">E200</marc:subfield>
        </marc:datafield>
        <marc:datafield tag="049" ind1=" " ind2=" ">
            <marc:subfield code="a">AGLL</marc:subfield>
        </marc:datafield>
        <marc:datafield tag="100" ind1="1" ind2=" ">
            <marc:subfield code="a">Aug, Hans Bünter,</marc:subfield>
            <marc:subfield code="d">1908-</marc:subfield>
        </marc:datafield>
        <marc:datafield tag="242" ind1="1" ind2="0">
            <marc:subfield code="a">Effects and tendencies of the German beer tax  /</marc:subfield>
            <marc:subfield code="c">Hans Bünter Aug.</marc:subfield>
            <marc:subfield code="y">eng.</marc:subfield>
        </marc:datafield>
        <marc:datafield tag="245" ind1="1" ind2="0">
            <marc:subfield code="a">Wirkungen und wirkungstendenzen der deutschen bierbesteuerung /</marc:subfield>
            <marc:subfield code="c">Hans Bünter Aug.</marc:subfield>
        </marc:datafield>
        <marc:datafield tag="260" ind1=" " ind2=" ">
            <marc:subfield code="c">1933.</marc:subfield>
        </marc:datafield>
        <marc:datafield tag="300" ind1=" " ind2=" ">
            <marc:subfield code="a">115 p.</marc:subfield>
        </marc:datafield>
        <marc:datafield tag="650" ind1=" " ind2="0">
            <marc:subfield code="a">Alcohol</marc:subfield>
            <marc:subfield code="x">Taxation</marc:subfield>
            <marc:subfield code="z">Germany.</marc:subfield>
        </marc:datafield>
        <marc:datafield tag="650" ind1=" " ind2="7">
            <marc:subfield code="a">Alcohol</marc:subfield>
            <marc:subfield code="x">Taxation.</marc:subfield>
            <marc:subfield code="2">fast</marc:subfield>
            <marc:subfield code="0">(OCoLC)fst00804296</marc:subfield>
        </marc:datafield>
        <marc:datafield tag="651" ind1=" " ind2="7">
            <marc:subfield code="a">Germany.</marc:subfield>
            <marc:subfield code="2">fast</marc:subfield>
            <marc:subfield code="0">(OCoLC)fst01210272</marc:subfield>
        </marc:datafield>
        <marc:datafield tag="650" ind1=" " ind2="3">
            <marc:subfield code="a">microeconomics.</marc:subfield>
        </marc:datafield>
        <marc:datafield tag="650" ind1=" " ind2="3">
            <marc:subfield code="a">farm management.</marc:subfield>
        </marc:datafield>
        <marc:datafield tag="650" ind1=" " ind2="3">
            <marc:subfield code="a">agricultural economics.</marc:subfield>
        </marc:datafield>
    </marc:record>